@article{King2000,
    author = {King, Gary and Tomz, Michael and Wittenberg, Jason},
    title = {{Making the Most of Statistical Analyses: Improving Interpretation and Presentation}},
    journal = {American Journal of Political Science},
    year = {2000},
    volume = {44},
    number = {2},
    pages = {347--361}
}

@article{simPH_JSS,
    author = {Christopher Gandrud},
    title = {simPH: An R Package for Illustrating Estimates from Cox
        Proportional Hazard Models Including for Interactive and Nonlinear
        Effects},
    journal = {Journal of Statistical Software},
    year = {forthcoming}
}

@article{kunvcivc2014,
  title={Institutional quality dataset},
  author={KUN{\v{C}}I{\v{C}}, ALJA{\v{Z}}},
  journal={Journal of Institutional Economics},
  volume={10},
  number={1},
  pages={135--161},
  year={2014}
 }

@article{Polson2012,
    author = {Polson, Nicholas G and Scott, James G},
    title = {{On the Half-Cauchy Prior for a Global Scale Parameter}},
    journal = {Bayesian Analysis},
    year = {2012},
    volume = {7},
    number = {4},
    pages = {887--902}
}



@article{Gelman2006,
    author = {Gelman, Andrew},
    title = {{Prior distributions for variance parameters inhierarchical models}},
    journal = {Bayesian Analysis},
    year = {2007},
    volume = {1},
    number = {3},
    pages = {515--533}
}

@article{Liedorp2013,
    author = {Liedorp, Franka and Mosch, Robert and van der Cruijsen, Carin and de Haan, Jakob},
    title = {{Transparency of Banking Supervisors}},
    journal = {IMF Economic Review},
    year = {2013},
    volume = {61},
    number = {2},
    pages = {310--335}
}

@manual{stan-manual:2014,
  author = {{Stan Development Team}},
  year = {2014},
  title = {Stan Modeling Language Users Guide and Reference Manual,
           Version 2.4},
  url = {http://mc-stan.org/}
}

@article{hoffmangelman2013,
  author = {Matthew D. Hoffman and Andrew Gelman},
  year = {2014},
  title = {The No-{U}-Turn Sampler: Adaptively Setting Path Lengths
           in {H}amiltonian {M}onte {C}arlo},
  journal = {Journal of Machine Learning Research},
  volume = {15},
  number = {Apr},
  pages = {1593--1623}
}

@book{Jackman2009,
    title = {Bayesian Analysis for the Social Sciences},
    author = {Simon Jackman},
    year = {2009},
    publiser = {Wiley},
    address = {Hoboken, NJ}
}

@inproceedings{Plummer2003,
    author = {Plummer, Martyn},
    booktitle = {Proceedings of the 3rd International Workshop on Distributed Statistical Computing},
    keywords = {jags, software, statistics},
    location = {Vienna, Austria},
    posted-at = {2012-01-25 04:38:13},
    priority = {0},
    title = {{JAGS}: A program for analysis of {Bayesian} graphical models using {Gibbs} sampling},
    year = {2003}
}

@Manual{RCite,
    title = {R: A Language and Environment for Statistical Computing},
    author = {{R Core Team}},
    organization = {R Foundation for Statistical Computing},
    address = {Vienna, Austria},
    year = {2014},
    url = {http://www.R-project.org/},
}

@article{Hollyer2014,
    author = {James R. Hollyer and B. Peter Rosendorff and James Raymond Vreeland},
    title = {Measuring Transparency},
    journal = {Political Analysis},
    year = {2014},
    note = {doi: 10.1093/pan/mpu001},
}

@article{Gandrud2014a,
    author = {Christopher Gandrud and Mark Hallerberg},
    title = {Does Banking Union Worsen the EUâ€™s Democratic Deficit? The need for greater supervisory data transparency},
    journal = {Journal of Common Market Studies},
    year = {forthcoming},
}

@article{Williams2009,
    author = {Williams, Andrew},
    title = {{On the Release of Information by Governments: Causes and Consequences}},
    journal = {Journal of Development Economics},
    year = {2009},
    volume = {89},
    number = {1},
    pages = {124--138}
}

@article{Cihak2012,
    title = {Benchmarking Financial Systems Around the World},
    author = {Martin {\v{C}}ih\'{a}k and Asli Demirg\"{u}\c{c} and Erik Feyen and Ross Levine},
    year = {2012},
    journal = {World Bank Policy Research Working Paper},
    number = {6175},
    note = {Available at: \url{http://www-wds.worldbank.org/external/default/WDSContentServer/IW3P/IB/2012/08/31/000158349_20120831220007/Rendered/PDF/wps6175.pdf}. Accessed February 2014},
}

@misc{WDIMain,
    title = {World Bank Development Indicators},
    author = {{World Bank}},
    year = {2014},
    url = {\url{http://data.worldbank.org/indicator}},
    urldate = {2014-02-20}
}
